@misc{xu2023survey,
  title={Machine Unlearning: A Survey}, 
  author={Heng Xu and Tianqing Zhu and Lefeng Zhang and Wanlei Zhou and Philip S. Yu},
  year={2023},
  eprint={2306.03558},
  url={https://arxiv.org/abs/2306.03558}, 
}

@inproceedings{graves2021amnesiac,
  title={Amnesiac machine learning},
  author={Graves, Laura and Nagisetty, Vineel and Ganesh, Vijay},
  booktitle={Proceedings of the AAAI Conference on Artificial Intelligence},
  volume={35},
  pages={11516--11524},
  year={2021}
}

@article{gogineni2024efficient,
  title={Efficient Knowledge Deletion from Trained Models through Layer-wise Partial Machine Unlearning},
  author={Gogineni, Vinay Chakravarthi and Nadimi, Esmaeil S},
  journal={arXiv preprint arXiv:2403.07611},
  year={2024}
}

@inproceedings{fredrikson2015inversion,
author = {Fredrikson, Matt and Jha, Somesh and Ristenpart, Thomas},
title = {Model Inversion Attacks that Exploit Confidence Information and Basic Countermeasures},
year = {2015},
doi = {10.1145/2810103.2813677},
booktitle = {Proceedings of the 22nd ACM SIGSAC Conference on Computer and Communications Security},
pages = {1322â€“1333}
}

  